<?xml version="1.0" encoding="UTF-8"?><collection xmlns="http://www.loc.gov/MARC21/slim"><record><leader>00592nam--2200193-i-4500</leader><controlfield tag="001">000023027</controlfield><controlfield tag="002">20161230</controlfield><controlfield tag="005">20161230201034</controlfield><controlfield tag="008">060222s1000------------r-----000-0-eng-d</controlfield><datafield ind1=" " ind2=" " tag="040"><subfield code="a">IFIN-HH</subfield></datafield><datafield ind1=" " ind2=" " tag="080"><subfield code="a">533.5(038)621.52</subfield></datafield><datafield ind1="1" ind2=" " tag="100"><subfield code="a">Hurrle, Karl</subfield></datafield><datafield ind1="1" ind2="0" tag="245"><subfield code="a">Vakuumphysik - vakuumtechnik</subfield><subfield code="b">English deutsch franzosisch russisch. mit etwa 5000 fachbergriffen</subfield><subfield code="c">Karl hurrle, f.m. jablonski, herbert roth</subfield></datafield><datafield ind1=" " ind2=" " tag="260"><subfield code="a">Berlin</subfield><subfield code="b">Veb Verlag Technik</subfield><subfield code="c">1970</subfield></datafield><datafield ind1=" " ind2=" " tag="300"><subfield code="a">202 P</subfield></datafield><datafield ind1=" " ind2=" " tag="490"><subfield code="a">Technik Worterbuch</subfield></datafield><datafield ind1="1" ind2=" " tag="700"><subfield code="a">Roth, Herbert</subfield></datafield><datafield ind1=" " ind2=" " tag="852"><subfield code="a">D.461</subfield><subfield code="c">SLF</subfield></datafield><datafield ind1=" " ind2=" " tag="CAT"><subfield code="a">Sys</subfield><subfield code="c">20130214</subfield><subfield code="h">130923</subfield></datafield></record></collection>